@ARTICLE{5396281,
author={D. Nofre},
journal={IEEE Annals of the History of Computing},
title={Unraveling Algol: US, Europe, and the Creation of a Programming Language},
year={2010},
volume={32},
number={2},
pages={58-68},
keywords={ALGOL;history;US;Europe;universal programming language;general translation system;Algol;Europe;Computer languages;History;Natural languages;Skeleton;Writing;Cultural differences;Global communication;Mirrors;Collaboration;history of software;programming languages;universal language;Algol;history of computing},
doi={10.1109/MAHC.2010.4},
ISSN={1058-6180},
month={April},}

@article{Eastman:1982:CEN:358728.358756,
 author = {Eastman, Caroline M.},
 title = {A Comment on English Neologisms and Programming Language Keywords},
 journal = {Commun. ACM},
 issue_date = {Dec 1982},
 volume = {25},
 number = {12},
 month = dec,
 year = {1982},
 issn = {0001-0782},
 pages = {938--940},
 numpages = {3},
 url = {http://doi.acm.org.ezproxy.bcu.ac.uk/10.1145/358728.358756},
 doi = {10.1145/358728.358756},
 acmid = {358756},
 publisher = {ACM},
 address = {New York, NY, USA},
 keywords = {keywords, natural language, neologisms},
} 

@INPROCEEDINGS{7026875,
author={A. Kamal and M. N. Monsur and S. T. Jishan and N. Ahmed},
booktitle={8th International Conference on Electrical and Computer Engineering},
title={ChaScript: Breaking language barrier using a bengali programming system},
year={2014},
volume={},
number={},
pages={441-444},
keywords={computer aided instruction;computer science education;programming languages;ChaScript;language barrier;Bengali programming system;computer programming languages;non-English based educational programming system;Bengali speaking people;Computer languages;Programming profession;Computers;Syntactics;Mathematics;Education;Non-English Based Programming Language;Educational Programming Language;ECMAScript;Jison;JavaScript;Learning Programming},
doi={10.1109/ICECE.2014.7026875},
ISSN={},
month={Dec},}

@misc{noauthor_babel_nodate,
	title = {Babel Â· {The} compiler for next generation {JavaScript}},
	url = {https://babeljs.io},
	abstract = {The compiler for next generation JavaScript},
	urldate = {2018-10-07TZ}
}

@misc{noauthor_hacs_nodate,
	title = {{HaCS} - {Hackathon} and {Computing} {Society} at {BCU}},
	url = {https://hacs.tech/},
	urldate = {2018-10-07TZ}
}

@misc{noauthor_code_nodate,
	title = {Code {First}: {Girls}},
	shorttitle = {Code {First}},
	url = {http://www.codefirstgirls.org.uk/},
	abstract = {Code First: Girls works with companies and women to increase the numbers of women in tech.},
	language = {en},
	urldate = {2018-10-07TZ}
}
